@online{SAPHybris,
 author = {{Deutsche Presse-Agentur GmbH }},
 year = {2013},
 title = {SAP baut Kundenmanagement-Plattform aus},
 url = {http://www.handelsblatt.com/unternehmen/it-medien/uebernahme-von-hybris-sap-baut-kundenmanagement-plattform-aus-/8304560.html},
 urldate = {2016-04-21},
 keywords = {web}
}

@online{SAPITIL,
 author = {{BIT.Group GmbH}},
 year = {2013},
 title = {Der SAP Solution Manager erfüllt nun alle ITIL Prozesse.},
 url = {http://www.bitgroup.de/der-sap-solution-manager-erfullt-nun-alle-itil-prozesse/},
 urldate = {2016-04-21},
 keywords = {web}
}

@online{SolutionManager,
 author = {{CubeServ Group}},
 year = {o.J.},
 title = {SAP Solution Manager},
 url = {http://www.cubeserv.com/sap-solution-manager.html},
 urldate = {2016-04-20},
 keywords = {web}
}

@online{CRM,
 author = {{salesforce.com Germany GmbH}},
 year = {o.J.},
 title = {Was ist ein CRM-System?},
 url = {http://www.salesforce.com/de/crm/what-is-crm.jsp},
 urldate = {2016-04-20},
 keywords = {web}
}

@online{ERP,
 author = {{weclapp GmbH}},
 year = {o.J.},
 title = {Wozu benötigt man ein ERP-System?},
 url = {http://www.erp-system.de/#index-anchor9},
 urldate = {2016-04-20},
 keywords = {web}
}

@online{SAP_Vorteil,
 author = {{conplus Mittelstandslösungen GmbH}},
 year = {o.J.},
 title = {Warum SAP},
 url = {http://www.conplus.biz/warum-sap/},
 urldate = {2016-04-20},
 keywords = {web}
}

@online{BalanceGabler,
 author = {Weber, Jürgen},
 year = {o.J.},
 title = {Balanced Scorecard},
 url = {http://wirtschaftslexikon.gabler.de/Definition/balanced-scorecard.html},
 urldate = {2016-04-03},
 keywords = {web}
}

@online{BalanceBeispiel,
 author = {o.V.},
 year = {o.J.},
 title = {Balanced Scorecard Beispiele & Kennzahlen},
 url = {http://www.balancedscorecard24.net/balanced-scorecard-beispiele/},
 urldate = {2016-04-03},
 keywords = {web}
}

@online{ITWissen,
 author = {IT-Wissen},
 year = {o.J.},
 title = {IaaS (Infrastructure as a service)},
 url = {http://www.itwissen.info/definition/lexikon/IaaS-infrastructure-as-a-service-Infrastructure-as-a-Service.html},
 urldate = {2016-04-03},
 keywords = {web}
}

@online{AWS,
 author = {Amazon},
 year = {o.J.},
 title = {How AWS Pricing Works - 2016},
 url = {https://d0.awsstatic.com/whitepapers/aws_pricing_overview.pdf},
 urldate = {2016-04-03},
 keywords = {web}
}

@book{Descartes.1637,
 author = {Descartes, René},
 year = {1637},
 publisher = {Cousin, Victor},
 title = {Discours de la méthode pour bien conduire sa raison et chercher la verité dans les sciences},
 keywords = {mono}
}

@online{Gamma,
 author = {Braun, Walter},
 title = {GAMMA - Ein PC-Werkzeug für Vernetztes Denken V 3.0},
 url = {http://www.system-management.com/smg/tools/gamma-ein-pc-werkzeug-fuer-vernetztes-denken-v-30},
 urldate = {2015-04-06},
 %%%abstract = {},
 %%%note = {},
 keywords = {web}
}

@online{Bevuta,
 author = {bevuta IT GmbH},
 title = {bevuta - Home},
 url = {http://www.bevuta.com/en/},
 urldate = {2015-04-03},
 %%%abstract = {},
 %%%note = {},
 keywords = {web}
}

@misc{Bevuta2,
 author = {bevuta IT GmbH},
 title ={Gespräch mit Adonis Thaci},
 year = {2015},
 %%%title = {Gespräch über die },
 %%%location = {Bergheim},
 keywords = {interview}
}


@online{Microsoft,
 author = {Microsoft},
 title = {A National Talent Strategy},
 url = {http://news.microsoft.com/download/presskits/citizenship/msnts.pdf},
 urldate = {2015-04-08},
 %%%abstract = {},
 %%%note = {},
 keywords = {web}
}

@misc{Pham,
 author = {Pham, Anh-Tuan},
 year = {2015},
 title = {Gespräch über die Rolle des Führungspersonals beim Talentmanagement},
 location = {Bergheim},
 keywords = {interview}
}

@article{Schuler.2014,
author = {Schuler, Randall S.},
journal = {Organiazational Dynamics},
%%%number = {3},
%%%pages = {467--482},
%%%publisher = {Rutgers University},
title = {{The 5-C Framework for Managing Talent}},
%%%volume = {8},
year = {2014},
keywords = {mag}
}

@article{Chambers,
author = {Chambers, Elizabeth G. and Foulon, Mark and Handfield-Jones, Helen and Hankin, Steven M. and Michaels III, Edward G.},
journal = {McKinsey Quarterly},
%%%number = {3},
%%%pages = {467--482},
publisher = {McKinsey \& Co.},
title = {{The war for talent}},
%%%volume = {8},
year = {1998--2007},
keywords = {mag}
}

@article{Cappelli,
author = {Cappelli, Peter},
journal = {Harvard Business Review},
%%%number = {3},
%%%pages = {467--482},
%%%publisher = {McKinsey \& Co.},
title = {{Talent Management for Twenty-First Century}},
%%%volume = {8},
year = {2008},
keywords = {mag}
}

@article{Cheng,
author = {Low, Kim Cheng Patrick},
journal = {Leadership \& Organizational Management Journal},
%%%number = {3},
pages = {28--37},
%%%publisher = {McKinsey \& Co.},
title = {{Talent Management, the Confucian Way}},
%%%volume = {8},
year = {2010},
keywords = {mag}
}

@book{Sparrow,
author = {Sparrow, Paul and Otaye, Lilian and Makram, Heba},
%%&journal = {Leadership \& Organizational Management Journal},
%%%number = {01},
%%%pages = {28--37},
publisher = {Centre for Performance-Led Human Resources},
title = {{How Should We Value Talent Management}},
$$$volume = {14},
year = {2014},
keywords = {mag}
}

@article{Schuler2,
author = {Schuler, Randall S.},
journal = {Journal of World Business},
number = {2},
%%%pages = {28--37},
%%%publisher = {Rutgers University and GSBA Zurich},
title = {{Global Talent Management: Literature Review, Integrative Framework, and Suggestions for Further Research}},
volume = {46},
year = {2010},
keywords = {mag}
}

@article{Mariotti,
author = {Mariotti, John L.},
journal = {Blackwell Business},
%%%number = {2},
%%%pages = {28--37},
%%%publisher = {Rutgers University and GSBA Zurich},
title = {{The power of partnerships}},
%%%volume = {46},
year = {1996},
keywords = {mag}
}

@article{Fry,
author = {Fry, Louis W.},
journal = {The Leadership Quarterly},
%%%number = {2},
pages = {693--727},
publisher = {Tarleton State University},
title = {{Toward a theory of spiritual leadership}},
%%%volume = {46},
year = {2003},
keywords = {mag}
}

@article{Lane,
author = {Lane, K. and Pollner, F.},
journal = {McKinsey Quarterly},
%%%number = {2},
%%%pages = {28--37},
publisher = {McKinsey \& Co.},
title = {{How to address China’s growing talent shortage}},
%%%volume = {46},
year = {2008},
keywords = {mag}
}

@article{Novicevic,
author = {Novicevic, M. and Harvey, M.},
journal = {The Leadership Quarterly},
%%%number = {2},
%%%pages = {28--37},
publisher = {Tarleton State University},
title = {{The political role of corporate human resource management in strategic global leadership development}},
%%%volume = {46},
year = {2004},
keywords = {mag}
}

@book{Siegel,
author = {Siegel, J.},
%%%journal = {The Leadership Quarterly},
%%%number = {2},
%%%pages = {28--37},
publisher = {Harvard Business School},
title = {{Global Talent Management at Novartis}},
%%%volume = {46},
year = {2008},
keywords = {mag}
}

@book{Lehnert.2012,
 author = {Lehnert, Volker and Stelzner, Katharina and John, Peter and Otto, Anna},
 year = {2012},
 title = {SAP-Berechtigungswesen},
 edition = {2., aktualisierte und erw. Aufl},
 publisher = {Galileo Press},
 %%%isbn = {978-3-8362-1825-2},
 %%%subtitle = {[Organisationssichten und rechtliche Rahmenbedingungen ; technische Grundlagen, Berechtigungswerkzeuge und Customizing ; Berechtigungen f{\"u}r SAP, ERP, HCM, CRM, SRM, BW sowie f{\"u}r SAP HANA und SAP BusinessObjects ; inkl. der neuen, vereinfachten Berechtigungspflege]},
 location = {Bonn},
 series = {SAP PRESS},
 %%%pagetotal = {773},
 %%%file = {http://www.worldcat.org/oclc/823239406},
 keywords = {mono}
}

@book{Schulz.2011,
 author = {Schulz, Olaf},
 year = {2011},
 title = {Der SAP-Grundkurs f{\"u}r Einsteiger und Anwender},
 keywords = {Anwendungssoftware;SAP (Marke);SAP ERP 6.0;Software},
 edition = {1. Aufl., 2., korr. Nachdr. 2011},
 publisher = {Galileo Press},
 %%%isbn = {9783836216821},
 %%%subtitle = {[schnell und zuverl{\"a}ssig mit SAP arbeiten ; die wichtigsten SAP-Komponenten verst{\"a}ndlich erkl{\"a}rt ; Schritt f{\"u}r Schritt und mit vielen Beispielen und Abbildungen ; ohne Vorwissen verst{\"a}ndlich]},
 location = {Bonn},
 series = {SAP-Einsteiger},
 %%%pagetotal = {398 S.},
 %%%file = {http://www.worldcat.org/oclc/729936284},
 keywords = {mono}
}

@online{mindsquareGmbH,
 author = {Harmes, Tobias},
 title = {SAP Berechtigungskonzept},
 url = {http://mindsquare.de/angebot/technische-skills/sap-berechtigungskonzept/},
 urldate = {2014-10-14},
 abstract = {Technologieberatung sowie Individualentwicklung im SAP NetWeaver und Salesforce Umfeld.},
 %%%note = {Copyright: mindsquare GmbH, All Rights reserved},
 keywords = {web}
}

@online{gabler.ERP,
 author = {Eggert, Wolfgang and Klein, Martin and Klodt, Henning and Lackes, Richard and Minter, Steffen and Siepermann, Markus},
 title = {Definition {\frqq} ERP {\flqq} | Gabler Wirtschaftslexikon},
 url = {http://wirtschaftslexikon.gabler.de/Archiv/3225/erp-v14.html},
 keywords = {web},
 urldate = {2014-10-14}
}

@online{gabler.ERP2,
 author = {Siepermann, Christoph and Vahrenkamp, Richard},
 title = {Definition {\frqq} Enterprise-Resource-Planning-System {\flqq} | Gabler Wirtschaftslexikon},
 url = {http://wirtschaftslexikon.gabler.de/Archiv/17984/enterprise-resource-planning-system-v12.html},
 keywords = {web},
 urldate = {2014-10-14},
 %%abstract = {Enterprise-Resource-Planning-System: Ein Enterprise-Resource-Planning-System (ERP-System) unterst{\"u}tzt s{\"a}mtliche in einem Unternehmen ablaufenden Gesch{\"a}ftsprozesse. Es enth{\"a}lt Module f{\"u}r die Bereiche Beschaffung, Produktion, Vertrieb, Anlagenwirtschaft, Personalwesen, Finanz- und Rechnungswesen usw., die {\"u}ber eine gemeinsame Datenbasis miteinander verbunden sind.}
}

@collection{Reineke.2007,
 year = {2007},
 title = {Gabler, Lexikon Unternehmensberatung},
 edition = {1. Aufl},
 publisher = {Gabler},
 %%isbn = {3409120084},
 editor = {Reineke, Rolf-Dieter and Bock, Friedrich},
 %%pagetotal = {503 S.},
 location = {Wiesbaden},
 keywords = {mono}
}

@misc{Pham.2014,
 author = {Pham, Anh-Tuan},
 year = {2014},
 title = {Berechtigungsmanagement in SAP},
 url = {http://www.comsol-ag.com/fileadmin/user\textunderscore upload/Webinare/Aufzeichnung\textunderscore Webinar\textunderscore Berechtigungsmanagement.zip},
 urldate = {2014-10-27},
 keywords = {webinar}
}

@misc{Pham1.2014,
 author = {Pham, Anh-Tuan},
 year = {2014},
 title = {Manuskript zum Aufbau eines optimalen Berechtigungskonzepts, zur Funktionsweise des LRM-Analyzers und zur Vererbung von Rollen},
 location = {Frechen},
 keywords = {manus}
}

@misc{Pham2.2014,
 author = {Pham, Anh-Tuan},
 year = {2014},
 title = {Manuskript zur Optimierung des Berechtigungskonzepts von Kunde A},
 location = {Frechen},
 keywords = {manus}
}

@misc{Pham3.2014,
 author = {Pham, Anh-Tuan},
 year = {2014},
 title = {Inhalte der Besprechungen zwischen An-Nam Pham und Anh-Tuan Pham},
 location = {Frechen},
 keywords = {interview}
}

@collection{Winter.2014,
 year = {2014},
 title = {Gabler Wirtschaftslexikon},
 edition = {18., aktualisierte und erw. Aufl.},
 publisher = {Gabler},
 %%isbn = {383493464X},
 editor = {Winter, Eggert},
 %%pagetotal = {XXII, 595 S},
 location = {Wiesbaden},
 file = {http://www.worldcat.org/oclc/864750649},
 keywords = {mono}
}

@online{Schnedermann.RBAC,
 author = {Schnedermann, Ekkert},
 title = {IT-Security Whitepaper: RBAC und LDAP},
 url = {http://www.schnedermann.com/RBAC_LDAP.shtml},
 urldate = {2014-10-31},
 keywords = {web}
}

@online{Funktionstrennung.SAP,
 author = {{SAP~SE}},
 editor = {{SAP~Help~Portal}},
 title = {Segregation of Duties},
 url = {http://help.sap.com/saphelp_grcac101/helpdata/en/a6/42219214434199b0fadc5b78fd0f56/frameset.htm},
 urldate = {2014-11-04},
 keywords={sap}
}

@online{Ableitung.SAP,
 author = {{SAP~SE}},
 editor = {{SAP~Help~Portal}},
 title = {Rollen ableiten},
 url = {http://help.sap.com/saphelp_46c/helpdata/de/1c/c38028816c11d396bc0000e82de14a/content.htm},
 urldate = {2014-11-05},
 keywords={sap}
}

@online{TA.SAP,
 author = {{SAP~SE}},
 editor = {{SAP~Help~Portal}},
 title = {Transaktionscodes},
 url = {https://help.sap.com/saphelp_nw70ehp2/helpdata/de/f9/e1a442dc030e31e10000000a1550b0/content.htm},
 urldate = {2014-11-04},
 keywords={sap}
}

@online{BO.SAP,
 author = {{SAP~SE}},
 editor = {{SAP~Help~Portal}},
 title = {Berechtigungsobjekte},
 url = {http://help.sap.com/saphelp_erp60_sp/helpdata/de/c9/03dd5321e8424de10000000a174cb4/content.htm?frameset=/de/9e/74ba3bd14a6a6ae10000000a114084/frameset.htm},
 urldate = {2014-11-04},
 keywords={sap}
}

@online{Form.SAP,
 author = {{SAP~SE}},
 %%editor = {{SAP~Help~Portal}},
 title = {Über SAP Deutschland},
 url = {http://www.sap.com/germany/about.html},
 urldate = {2014-10-27},
 keywords={web}
}

@online{Gehring.2013,
 author = {Gehring, Oliver},
 year = {2013},
 title = {Segregation of Duties mit der SAP Transaktion SUIM},
 url = {http://rz10.de/2013/12/segregation-of-duties-mit-der-sap-transaktion-suim/},
 urldate = {2014-11-05},
 abstract = {HowTo Segregation of Duties mit der SAP Transaktion SUIM},
 organization = {mindsquare GmbH},
 keywords = {web}
}



%%%%%%%%%%%%%%%%%%%%%%%%%%%%%%%%%%%%%%%%%%%%%%%%%%%%%%%%%%%%%%%%%%%%%%%%%%%%%%%%%%%%%%%%%%%%%%%%%%%%%%%%%%%%%%%%%%
%%%%%%%%%%%%%%%%%%%%%%%%%%%%%%%%%%%%%%%%%%%%%%%%%%%%%%%%%%%%%%%%%%%%%%%%%%%%%%%%%%%%%%%%%%%%%%%%%%%%%%%%%%%%%%%%%%
%%%%%%%%%%%%%%%%%%%%%%%%%%%%%%%%%%%%%%%%%%%%%%%%%%%%%%%%%%%%%%%%%%%%%%%%%%%%%%%%%%%%%%%%%%%%%%%%%%%%%%%%%%%%%%%%%%
%%%%%%%%%%%%%%%%%%%%%%%%%%%%%%%%%%%%%%%%%%%%%%%%%%%%%%%%%%%%%%%%%%%%%%%%%%%%%%%%%%%%%%%%%%%%%%%%%%%%%%%%%%%%%%%%%%
%%%%%%%%%%%%%%%%%%%%%%%%%%%%%%%%%%%%%%%%%%%%%%%%%%%%%%%%%%%%%%%%%%%%%%%%%%%%%%%%%%%%%%%%%%%%%%%%%%%%%%%%%%%%%%%%%%
%%%%%%%%%%%%%%%%%%%%%%%%%%%%%%%%%%%%%%%%%%%%%%%%%%%%%%%%%%%%%%%%%%%%%%%%%%%%%%%%%%%%%%%%%%%%%%%%%%%%%%%%%%%%%%%%%%

%%%%%%%%%%%%%%%%%%%%%%%%%%%%%%%%%%%%%%%%%%%%%%%%%%%%%%%%%%%
% Beispiel Literatur in verschiedenen Formen
%%%%%%%%%%%%%%%%%%%%%%%%%%%%%%%%%%%%%%%%%%%%%%%%%%%%%%%%%%%

@article{Fuller2011,
author = {F\"{u}ller, Matthias and N\"{u}\ss er, Willi and Rustemeyer, Thomas},
journal = {Pervasive and Mobile Computing},
number = {3},
pages = {467--482},
publisher = {Elsevier B.V.},
title = {{Context driven process selection and integration of mobile and pervasive systems}},
volume = {8},
year = {2012},
keywords = {mono}
}

@book{Meier2010,
address = {Indianapolis, IN, USA},
author = {Meier, Reto},
pages = {576},
publisher = {Wiley},
title = {{Professional Android 2 Application Development}},
year = {2010},
keywords = {mono}
}

@misc{Maslennikov2011,
author = {Maslennikov, Denis},
title = {{ZeuS-in-the-Mobile – Facts and Theories}},
url = {http://www.securelist.com/en/analysis/204792194/ZeuS\_in\_the\_Mobile\_Facts\_and\_Theories},
urldate = {2012-12-20},
year = {2011},
keywords = {web}
}

@inproceedings{Hocking2011a,
author = {Hocking, Christopher G. and Furnell, Steven M. and Clarke, Nathan L. and Reynolds, Paul L.},
booktitle = {Proceedings of International Conference on Information Assurance and Security (IAS)},
pages = {304--310},
title = {{A Distributed and Cooperative User Authentication Framework}},
year = {2010},
keywords = {mag}
}
